% Version 3.0
% In dieses File sind die Quellen einzugeben.

% Es gibt verschiedene Arten von Quellen. M"oglich sind z.B.:
% article
% book
% ... (siehe http://de.wikipedia.org/wiki/BibTeX)

% Sollten hier Eintr"age fehlen (etwa ein Autor bei einem Artikel), dann wird man beim Durchlauf von BibTeX 
% darauf aufmerksam gemacht. Leere Felder werden von BibTeX ignoriert.
% Nicht zitierte Quellen dieses Files erscheinen nicht im Dokument!

% Achtung! Sollen Gro"ssbuchstaben oder deutsche Sonderzeichen verwendet werden, dann muss der gesamte Text in einer 
% ZUS"ATZLICHEN geschweiften Klammer geschrieben werden. Siehe Beispiele unten.	

% Bei Bedarf k"onnen im File *.bbl "Anderungen vorgenommen werden.

@book{wpf10,
		key						={},
		author				= {T.~C.~Huber},
		title					={{Windows Presentation Foundation - Das umfassende Handbuch}},
		booktitle			={},
    chapter				={},
	 	edition				={2nd},
    editor				={},
    howpublished	={},
    institution		={},
    journal				={},
    month					={},
    note					={},
    number				={},
    organization	={},
    pages					={},
    publisher			={Galileo Press, Bonn},
		address				={},
    school				={},
    series				={},
    type					={},
    volume				={},
    year					={2010},
}

@book{ana12,
		key						={},
		author				= {A.~Nathan},
		title					={{Windows 8 Apps with XAML and C\# UNLEASHED}},
		booktitle			={},
    chapter				={},
	 	edition				={1st},
    editor				={},
    howpublished	={},
    institution		={},
    journal				={},
    month					={},
    note					={},
    number				={},
    organization	={},
    pages					={},
    publisher			={Sams Publishing, Indiana, USA},
		address				={},
    school				={},
    series				={},
    type					={},
    volume				={},
    year					={2012},
}

@misc{idc13,
		key						={},
		author				={},
		title					={{EMEA PC Shipments Contracted 20.2\% in 1Q13 as Consumers Continue to Divert Spending to Tablets While Commercial Spending Remains Constrained, says IDC}},
		booktitle			={},
    chapter				={},
	 	edition				={},
    editor				={},
    howpublished	={Press Release},
    institution		={},
    journal				={},
    month					={04},
    note					={\url{http://www.idc.com/getdoc.jsp?containerId=prUK24077313} [Zugang am 20.04.2013]},
    number				={},
    organization	={IDC},
    pages					={},
    publisher			={},
		address				={},
    school				={},
    series				={},
    type					={},
    volume				={},
    year					={2013},
}

@misc{winrt,
		key						={},
		author				={},
		title					={{Windows RT: H"aufig gestellte Fragen}},
		booktitle			={},
    chapter				={},
	 	edition				={},
    editor				={},
    howpublished	={Website},
    institution		={},
    journal				={},
    month					={},
    note					={\url{http://windows.microsoft.com/de-at/windows/windows-rt-faq} [Zugang am 20.04.2013]},
    number				={},
    organization	={Microsoft Windows},
    pages					={},
    publisher			={},
		address				={},
    school				={},
    series				={},
    type					={},
    volume				={},
    year					={2013},
}

@misc{winBlog12,
		key						={},
		author				={Brandon LeBlanc},
		title					={{Announcing the Windows 8 Editions}},
		booktitle			={},
    chapter				={},
	 	edition				={},
    editor				={},
    howpublished	={Blog},
    institution		={},
    journal				={},
    month					={04},
    note					={\url{http://blogs.windows.com/windows/b/bloggingwindows/archive/2012/04/16/announcing-the-windows-8-editions.aspx} [Zugang am 20.04.2013]},
    number				={},
    organization	={Microsoft Windows},
    pages					={},
    publisher			={},
		address				={},
    school				={},
    series				={},
    type					={},
    volume				={},
    year					={2012},
}

@misc{dse11,
		key						={},
		author				={Doug Seven},
		title					={{A bad picture is worth a thousand long discussions.}},
		booktitle			={},
    chapter				={},
	 	edition				={},
    editor				={},
    howpublished	={Blog},
    institution		={},
    journal				={},
    month					={09},
    note					={\url{http://dougseven.com/2011/09/15/a-bad-picture-is-worth-a-thousand-long-discussions/} [Zugang am 21.04.2013]},
    number				={},
    organization	={},
    pages					={},
    publisher			={},
		address				={},
    school				={},
    series				={},
    type					={},
    volume				={},
    year					={2011},
}

@misc{sfar12,
		key						={},
		author				={Shawn Farkas},
		title					={{}},
		booktitle			={},
    chapter				={},
	 	edition				={},
    editor				={},
    howpublished	={Website},
    institution		={},
    journal				={},
    month					={},
    note					={\url{http://msdn.microsoft.com/en-us/magazine/jj651569.aspx} [Zugang am 24.04.2013]},
    number				={},
    organization	={},
    pages					={},
    publisher			={},
		address				={},
    school				={},
    series				={},
    type					={},
    volume				={},
    year					={2012},
}

@misc{hw12,
		key						={},
		author				={},
		title					={{Windows Hardware Certification Requirements: Client and Server Systems}},
		booktitle			={},
    chapter				={},
	 	edition				={},
    editor				={},
    howpublished	={PDF},
    institution		={},
    journal				={},
    month					={09},
    note					={\url{http://msdn.microsoft.com/library/windows/hardware/hh748188} [Zugang am 23.04.2013]},
    number				={},
    organization	={},
    pages					={},
    publisher			={Microsoft Corporation},
		address				={},
    school				={},
    series				={},
    type					={},
    volume				={},
    year					={2012},
}

@misc{push12,
		key						={},
		author				={},
		title					={{Push notification overviw (Windows Store Apps)}},
		booktitle			={},
    chapter				={},
	 	edition				={},
    editor				={},
    howpublished	={Website},
    institution		={},
    journal				={},
    month					={10},
    note					={\url{http://http://msdn.microsoft.com/en-us/library/windows/apps/hh913756.aspx} [Zugang am 04.05.2013]},
    number				={},
    organization	={},
    pages					={},
    publisher			={Microsoft Corporation},
		address				={},
    school				={},
    series				={},
    type					={},
    volume				={},
    year					={2012},
}

@article{gs00,
		key						={},
		author				={F.~Gesztesy and B.~Simon},
		title					={{A new approach to inverse spectral theory, {II}. General real potentials and the connection to the spectral measure}},
		booktitle			={},
    chapter				={},
	 	edition				={},
    editor				={},
    howpublished	={},
    institution		={},
    journal				={Annals of Math.},
    month					={},
    note					={},
    number				={},
    organization	={},
    pages					={593-643},
    publisher			={},
		address				={},
    school				={},
    series				={},
    type					={},
    volume				={152},
    year					={2000},
}

